<?xml version="1.0" encoding="UTF-8"?><collection xmlns="http://www.loc.gov/MARC21/slim"><record><leader>00540nam--2200193-u-4500</leader><controlfield tag="001">000055479</controlfield><controlfield tag="002">20161230</controlfield><controlfield tag="005">20161230201052</controlfield><controlfield tag="008">130213s1000------------r-----000-0-eng-d</controlfield><datafield ind1=" " ind2=" " tag="040"><subfield code="a">IFIN-HH</subfield></datafield><datafield ind1=" " ind2=" " tag="080"><subfield code="a">53:413.232=3</subfield></datafield><datafield ind1="1" ind2=" " tag="100"><subfield code="a">De Vries, Louis</subfield></datafield><datafield ind1="1" ind2="0" tag="245"><subfield code="a">Dictionary of pure and applied physics</subfield><subfield code="c">Louis de vries, w.e. clason</subfield></datafield><datafield ind1=" " ind2=" " tag="260"><subfield code="a">Amdterdam</subfield><subfield code="b">Elsevier Publishing Company</subfield><subfield code="c">1963</subfield></datafield><datafield ind1=" " ind2=" " tag="300"><subfield code="a">2 VOL</subfield></datafield><datafield ind1="1" ind2=" " tag="700"><subfield code="a">Clason, W. E</subfield></datafield><datafield ind1="1" ind2=" " tag="787"><subfield code="a">Vol. 2. English-german</subfield><subfield code="h">341p</subfield></datafield><datafield ind1=" " ind2=" " tag="852"><subfield code="a">D.326</subfield><subfield code="c">SLF</subfield></datafield><datafield ind1=" " ind2=" " tag="CAT"><subfield code="a">Sys</subfield><subfield code="c">20130213</subfield><subfield code="h">172518</subfield></datafield></record></collection>